<?xml version="1.0" encoding="UTF-8"?><collection xmlns="http://www.loc.gov/MARC21/slim"><record><leader>00319nam--2200121-i-4500</leader><controlfield tag="001">000049041</controlfield><controlfield tag="002">20161230</controlfield><controlfield tag="005">20161230201047</controlfield><controlfield tag="008">060222s1000------------r-----000-0-eng-d</controlfield><datafield ind1=" " ind2=" " tag="080"><subfield code="a">550.3</subfield></datafield><datafield ind1=" " ind2=" " tag="245"><subfield code="a">Aktivacionnyi analiz elementarnogo sostova geologicheskogo obektov</subfield></datafield><datafield ind1=" " ind2=" " tag="260"><subfield code="a">Tashkent, Fan, 1967. 167 S</subfield></datafield><datafield ind1=" " ind2=" " tag="852"><subfield code="a">29590</subfield></datafield></record></collection>